2273 2937
132 835 213 916 In
253 864 312 910 iis
357 877 484 926 quae
529 878 686 927 nuper
737 861 1105 910 indicendorum
1149 865 1483 928 Augustissimi
1528 861 1765 914 Electoris
1822 868 2053 916 natalium

130 980 273 1013 causa
315 962 377 1011 de
420 964 630 1028 vestigiis
672 965 994 1012 institutorum
1040 975 1283 1023 veterum,
1338 966 1574 1029 imprimis
1608 968 1912 1027 Atticorum,
1966 984 2055 1032 per

128 1063 339 1113 Platonis
371 1061 434 1111 de
464 1063 679 1130 Legibus
723 1063 874 1112 libros
917 1063 1209 1128 indagandis
1250 1063 1627 1129 disputavimus,
1680 1073 1727 1110 et
1770 1065 1860 1113 alia
1906 1066 2055 1116 multa

129 1166 270 1229 spatii
300 1165 631 1229 temporisque
663 1166 895 1229 angustiis
928 1166 1081 1213 coacti
1114 1175 1194 1213 aut
1228 1163 1522 1230 negleximus
1553 1173 1635 1213 aut
1668 1163 1837 1213 leviter
1868 1176 2052 1215 tantum

130 1275 276 1329 atque
305 1266 355 1311 in
388 1275 666 1312 transcursu
700 1264 958 1327 attigimus,
989 1279 1088 1327 quo
1122 1263 1237 1311 olim
1273 1262 1477 1312 sortasse
1509 1265 1697 1329 majore
1729 1266 1828 1313 otio
1860 1275 1908 1312 et
1939 1282 2054 1314 cura

127 1350 508 1423 redire'licebit3
543 1364 878 1427 gravissimum
913 1374 1074 1412 autem
1107 1364 1297 1423 locum,
1330 1365 1415 1427 qui
1448 1371 1519 1409 est
1552 1361 1615 1409 d‘e
1646 1364 1754 1426 jure
1786 1361 2054 1412 domestico

127 1472 173 1509 et
214 1461 465 1521 famssiari,
495 1463 559 1509 ita
594 1459 891 1522 distulimus,
956 1471 1010 1509 ut
1052 1463 1292 1525 integrum
1326 1459 1613 1526 propediem
1648 1477 1737 1509 nos
1771 1471 2054 1510 tractaturos

126 1576 229 1607 esse
273 1560 629 1623 polliceremur.
705 1561 1035 1623 Sperabamus
1078 1563 1207 1608 enim
1254 1561 1382 1620 fore,
1445 1572 1498 1608 ut
1539 1560 1635 1609 hoc
1680 1576 1879 1624 quoque
1920 1578 2051 1610 anno

125 1660 423 1707 Serenissimi
463 1659 721 1722 Principis,
779 1659 858 1705 cui
900 1658 964 1706 ab
1008 1660 1362 1723 Angustissimo
1404 1661 1542 1706 Patre
1584 1659 1777 1723 imperii
1827 1657 2051 1708 habenae

126 1750 411 1807 commissae
443 1767 568 1817 sunt,
599 1757 783 1805 natales
817 1756 980 1804 debita
1014 1773 1127 1823 cum
1151 1756 1470 1820 gratulatione
1491 1773 1549 1804 ac
1571 1758 1748 1820 pietate
1771 1756 2053 1805 celebrandi

124 1857 358 1917 redirent;
393 1874 540 1921 quem
574 1874 724 1921 quum
758 1858 920 1904 Divini
952 1857 1170 1903 Numinis
1204 1854 1456 1902 clementia
1488 1852 1551 1901 ad
1583 1853 1717 1901 huuc
1737 1871 1893 1919 usque
1915 1855 2047 1905 diem

126 1956 313 2004 salvum
362 1956 690 2019 sospitemque
734 1955 900 2002 videre
943 1957 1217 2019 contigerit,
1268 1955 1558 2003 faustissima
1604 1956 1858 2001 occasione
1902 1955 1966 2002 ad
1998 1955 2051 2002 id

129 2053 263 2118 quod
304 2056 618 2118 promisimus
665 2052 1042 2117 persolvendum
1087 2055 1153 2100 uti
1196 2069 1293 2100 non
1337 2051 1724 2101 detrectabimus.
1808 2055 2049 2114 Quoniam

125 2164 285 2200 autem
319 2155 367 2200 in
401 2152 634 2216 singulari
662 2151 760 2200 hoc
793 2162 1076 2216 argumento
1107 2151 1249 2199 latius
1289 2154 1544 2215 exspatiari
1586 2152 1721 2211 licet,
1762 2168 1861 2200 non
1906 2155 1955 2198 in
1989 2169 2049 2200 eo

123 2249 270 2296 modo
305 2252 634 2310 consistemus,
669 2260 720 2297 ut
752 2251 833 2314 jus
864 2251 1071 2297 Atticum
1104 2265 1161 2295 ex
1184 2249 1382 2315 Platone
1401 2248 1709 2308 illustremus,
1741 2248 1829 2296 sed
1848 2252 2049 2298 omnino

122 2348 330 2397 Platonis
362 2348 510 2414 leges,
544 2366 672 2414 quae
704 2348 902 2414 quidem
939 2347 1001 2396 ad
1034 2336 1238 2395 familias
1267 2346 1505 2412 regendas
1539 2358 1585 2395 et
1616 2350 1971 2397 successionem
1998 2351 2049 2396 in

123 2447 257 2495 hona
290 2446 627 2496 defunctorum
659 2450 916 2513 pertinent,
950 2448 1195 2497 succincta·
1222 2448 1525 2495 enarratione
1549 2446 2046 2513 comprehendemus3

126 2563 224 2610 quo
257 2545 386 2595 facto
417 2548 560 2595 etiam
595 2548 933 2598 similitudines
979 2564 1133 2613 aeque
1178 2563 1234 2595 ac
1279 2545 1579 2607 discrimina,
1639 2564 1767 2611 quae
1809 2546 1904 2596 illis
1935 2563 2047 2595 eum

126 2646 326 2711 reliquis
359 2649 532 2697 veteris
564 2651 797 2698 Graeciae
830 2652 1053 2699 institutis
1083 2646 1409 2709 intercedunt,
1439 2657 1615 2713 sponte
1646 2664 1734 2696 sua
1767 2645 2049 2712 prodibunt.

1516 2745 1553 2785 a
1574 2727 1602 2753 {-
