2273 2937
1107 213 1148 269 5

152 378 385 426 .medium
414 370 701 442 vprocedant
749 379 872 424 inter
909 393 1058 441 seque
1096 388 1367 441 spectantes
1411 382 1581 429 animis
1625 380 1903 445 designent,
1946 393 2090 442 q'uem
2121 416 2134 434 ,

172 476 267 522 sibi
298 479 504 540 quisque
537 476 838 538 potissimum
873 476 935 523 ad
972 478 1095 523 vitae
1130 478 1423 523 consortium
1459 480 1715 525 convenire
1742 477 2004 525 arbitretur
2026 474 2091 535 ⁵);

169 573 407 621 delectum
444 584 601 620 autem
636 589 734 618 non
767 573 845 630 ita,
879 583 929 620 ut
962 573 1251 637 plerumque
1283 576 1380 635 fiat,
1413 573 1584 622 haberi
1613 573 1728 634 vult,
1759 586 1810 622 ut
1840 576 1915 622 sui
1947 578 2094 640 quis-

167 688 264 735 que
288 670 585 719 simillimum
607 679 813 717 sectetur
834 668 894 729 6),
925 669 1011 717 sed
1042 680 1090 716 ut
1112 672 1315 735 Sapienti
1338 674 1687 720 contrariorum
1715 676 2094 736 temperamento

167 782 213 818 et
245 772 556 836 permistione
596 772 647 816 in
684 779 811 817 tanta
847 770 1152 834 singulorum
1186 769 1450 819 differentia
1484 771 1649 836 aliqua
1684 769 1854 818 saltem
1888 770 2092 818 univer-

166 885 327 917 sorum
361 868 677 933 aequabilitas
709 880 948 930 servetur;
982 870 1117 934 quod
1143 888 1292 935 quum
1325 874 1375 919 in
1409 872 1596 935 reliqua
1623 870 2089 938 despondendorum

165 966 332 1016 indole
354 968 688 1032 moribusque,
711 978 810 1015 tum
833 969 1041 1015 maxime
1067 970 1117 1016 iu
1139 969 1209 1015 rei
1232 968 1482 1017 familiaris
1506 968 1653 1017 modo
1682 968 2004 1029 commendat,
2026 984 2088 1016 ne

165 1064 359 1114 divitiae
391 1064 570 1115 divitiis
603 1064 877 1114 cumulatae
911 1067 1149 1131 majorem
1185 1083 1379 1132 semper
1410 1068 1653 1115 bonorum
1698 1067 2086 1131 inaequalitatem

162 1167 213 1211 in
248 1166 437 1213 civitate
470 1163 694 1211 efficiant.
759 1168 1047 1229 Quanquam
1079 1164 1203 1212 haec
1243 1168 1405 1211 omnia
1439 1182 1537 1212 non
1571 1176 1664 1212 tam
1700 1164 1891 1230 legibus
1924 1167 2088 1228 impe-

161 1266 314 1314 randa
349 1282 494 1330 quam
527 1264 780 1314 suadendo
812 1276 859 1313 et
891 1266 1130 1314 contraria
1163 1264 1571 1331 reprehendendo
1603 1267 1657 1328 in
1688 1261 2086 1318 consuetudinem

150 1364 391 1428 'vertenda
422 1380 526 1412 esse
560 1374 748 1424 censet3
793 1363 931 1412 dotes
964 1374 1164 1424 tantum,
1195 1365 1406 1427 Lycurgi
1439 1364 1714 1428 exemplum
1749 1372 1966 1422 secutus,
2010 1360 2087 1410 vel

160 1467 382 1516 constitui
423 1464 502 1514 vel
543 1466 697 1529 accipi
729 1466 864 1529 gravi
898 1464 1075 1512 mulcta
1109 1465 1357 1528 proposita
1393 1473 1521 1512 vetat
1542 1463 1607 1523 ⁷);
1664 1480 1721 1510 ea
1767 1479 1908 1522 vero,
1960 1477 2087 1526 quae

159 1563 222 1612 ad
265 1566 419 1628 ipsam
466 1563 656 1625 generis
700 1565 1104 1627 propagationem
1158 1573 1400 1627 spectant,
1476 1578 1573 1610 non
1617 1561 1768 1609 modo
1806 1561 2083 1608 hortatibus

158 1662 392 1709 acerrime
432 1659 639 1706 inculcat
662 1657 728 1719 8),
782 1676 948 1709 verum
984 1662 1126 1707 etiam
1160 1660 1352 1723 legibus
1385 1661 1448 1706 ita
1480 1662 1654 1717 sancit,
1707 1670 1759 1706 ut
1804 1660 1881 1707 vel
1922 1662 2083 1707 Lace—

156 1759 525 1808 daemoniorum
567 1756 865 1821 diligentiam
906 1758 958 1803 in
1001 1756 1095 1804 hac
1137 1774 1282 1804 causa
1328 1768 1535 1821 superet.
1613 1757 1838 1805 Coelibes
1882 1756 2080 1821 quidem

156 1859 329 1921 jamin
358 1856 607 1920 superiore
633 1854 954 1919 disputatione
989 1856 1155 1902 monui
1179 1854 1278 1901 fere
1311 1853 1482 1902 eodem
1511 1854 1733 1919 exemplo
1763 1853 1890 1918 apud
1918 1856 2079 1918 ipsum

240 2147 281 2191 5)
302 2148 398 2185 lbid.
424 2147 490 2191 vl,
512 2159 549 2194 p.
572 2148 642 2184 771
664 2147 718 2193 Ες
743 2147 791 2183 cf·
818 2147 863 2192 V,
889 2159 925 2194 p.
948 2146 1019 2185 738
1041 2148 1074 2184 D
1098 2153 1137 2183 ot
1159 2147 1326 2195 Xenoph.
1350 2147 1486 2194 Ephen.
1508 2147 1543 2192 1,
1571 2148 1605 2182 2.

240 2210 281 2253 6)
306 2210 523 2256 Philosophi
546 2221 693 2256 quoqne
727 2211 1025 2247 commendarunt
1047 2218 1165 2255 γαμεῖν
1185 2213 1220 2246 ἐκ
1241 2211 1309 2245 τῶν
1330 2211 1461 2251 ὁμοίων,
1486 2214 1530 2246 ut
1552 2209 1755 2246 cleobulu-
1779 2210 1876 2256 npud
1900 2211 2009 2258 Πίος.
2034 2212 2076 2246 Ῑι.

150 2276 185 2317 1,
207 2272 254 2308 92
276 2276 315 2306 et
340 2271 507 2307 Pittacus
532 2273 629 2317 apud
654 2273 810 2307 eundem
832 2272 865 2315 1,
896 2272 963 2309 8⁰:
993 2273 1058 2317 τήν
1079 2272 1164 2307 nard
1189 2273 1309 2306 σαυτὸν
1334 2273 1414 2305 Cia.-
1438 2273 1486 2306 cf.
1509 2272 1692 2317 Aeschyts
1707 2273 1901 2308 Prometh.
1922 2284 1961 2312 v.
1983 2274 2077 2311 8⁹⁰:

148 2337 192 2377 ὥς
215 2337 254 2372 τὸ
277 2333 431 2380 κηδεῦσαι
454 2334 536 2368 καθ’
559 2335 678 2370 ἑαυτὸν
700 2334 864 2383 ἀριστεύει
887 2336 1012 2384 μακρᾷ,
1037 2340 1077 2372 et
1098 2335 1211 2376 ovid.
1236 2335 1390 2370 Heroid.
1415 2335 1487 2379 tx,
1510 2335 1577 2372 292
1618 2336 1732 2380 Quam
1752 2337 1844 2371 male
1868 2337 2071 2383 inaequales

148 2400 295 2436 veniunt
317 2398 366 2432 ad
387 2400 514 2430 aratra
527 2396 689 2438 juvenci,
710 2397 785 2432 tam
805 2400 980 2443 premitur
989 2410 1121 2445 magno
1146 2399 1297 2443 conjuge
1321 2403 1437 2442 nupta
1463 2399 1586 2431 minor.
1622 2397 1781 2443 Propius
1806 2399 1853 2433 ad
1879 2400 2072 2434 Platonem

147 2449 325 2502 accedunt
346 2460 479 2496 Juven.
502 2458 615 2494 Satir.
641 2460 720 2503 xt,
751 2459 799 2496 29
819 2465 859 2498 ot
883 2461 1140 2498 callicratiam
1164 2459 1437 2507 Pythagoricus
1466 2459 1564 2506 apud
1587 2458 1694 2496 Stat».
1716 2460 1849 2498 Flora.
1874 2462 2066 2507 Lxxxv,

143 2528 206 2571 18,
228 2538 264 2573 p.
283 2523 353 2560 182
374 2520 559 2558 Gai-ford.

234 2590 278 2633 τ)
302 2587 362 2626 Cf.
385 2596 466 2630 nup.
491 2582 625 2629 disput.
648 2594 684 2619 n.
703 2584 751 2622 78
774 2589 814 2622 et
837 2586 938 2623 mut.
960 2586 1147 2633 Apophth.
1172 2586 1276 2622 Lace.
1302 2585 1348 2620 Τ.
1374 2584 1484 2627 vm,
1509 2597 1545 2631 p.
1567 2584 1640 2622 228
1661 2596 1747 2631 sqq.
1774 2585 1884 2622 nuti.

234 2651 278 2697 8)
301 2649 419 2695 Legg.
442 2645 509 2689 IV,
537 2658 571 2692 p.
598 2644 666 2684 '121
690 2646 740 2689 ῦς
766 2647 831 2690 VI,
854 2660 889 2694 p.
913 2648 983 2686 773
1004 2648 1059 2693 Εἷς
1084 2650 1130 2684 ef.
1154 2649 1317 2695 Sympoo.
1343 2659 1378 2693 p.
1401 2646 1471 2684 208
1489 2646 1533 2683 B.
