2273 2937
1119 136 1161 190 8

165 304 466 370 significavit,
488 300 641 349 nullas
674 297 768 347 sibi
794 296 1032 346 secundas
1066 300 1256 361 nuptias
1281 299 1495 361 probari,
1529 300 1620 348 nisi
1643 318 1772 364 quae
1798 303 2100 367 reparandae

167 408 384 470 priorum
422 401 683 469 sterilitatis
713 408 855 447 causa
888 399 1110 446 ineantur
1132 396 1210 446 18).
1276 397 1668 446 concubinarum
1697 410 1855 448 autem
1890 417 2102 451 consue-

166 503 332 551 tudine
369 503 558 549 civibus
594 502 692 548 suis
728 507 857 545 tanta
891 513 1001 545 cum
1034 497 1287 545 severitate
1331 498 1601 557 interdixit,
1661 510 1709 547 ut
1742 516 1850 548 eum
1888 502 1973 564 qui
2008 503 2100 549 alia

164 601 370 650 muliere
407 608 567 647 utatur
607 606 796 662 praeter
828 594 985 653 illam,
1040 611 1189 658 quam
1227 612 1334 644 cum
1379 596 1471 644 diis
1516 597 1761 661 sacrisque
1804 600 2101 664 nuptialibus

169 700 370 747 domum
420 713 554 744 suam
610 694 797 741 duxerit
820 690 898 750 19),
963 691 1168 755 perinde
1219 710 1275 748 ac
1328 696 1637 757 peregrinum
1683 697 1815 741 omni
1858 695 2100 744 honorum

168 797 510 846 communione
545 796 726 856 privet,
763 794 1048 857 progeniem
1082 809 1224 852 vero,
1257 795 1348 842 nisi
1382 796 1493 856 quis
1524 811 1631 842 cum
1666 794 1824 842 alieno
1858 799 2101 860 mancipio

168 913 270 943 rem
305 893 548 948 habuerit,
582 893 725 954 cujus
761 902 951 955 partum
985 891 1139 955 ipsius
1171 890 1370 940 domino
1396 910 1668 941 accrescere
1693 897 1937 941 communi
1973 898 2101 942 anti-

171 995 369 1057 quitatis
394 994 504 1054 jure
523 990 795 1054 oportebat,
818 1007 913 1038 una
933 1007 1042 1038 cum
1060 1001 1212 1037 matre
1233 1002 1365 1038 extra
1384 990 1506 1040 fines
1524 992 1800 1055 proturbari
1822 993 1993 1055 jubeat
2012 992 2100 1055 ²⁰)3

170 1090 302 1139 unde
345 1088 424 1148 fit,
492 1099 542 1135 ut
586 1087 719 1135 nulla
766 1086 901 1151 apud
934 1089 1095 1151 ipsum
1130 1090 1408 1152 spuriorum
1441 1091 1621 1137 mentio
1654 1101 1828 1149 exstet,
1891 1108 2099 1155 quorum

169 1187 384 1237 conditio
422 1188 473 1233 in
515 1186 719 1250 reliquis
768 1188 1002 1234 Graeciae
1057 1186 1331 1236 civitatibus
1374 1186 1511 1236 haud
1553 1191 1754 1253 exiguas
1796 1189 2101 1240 difficultates

172 1290 336 1354 legum
369 1286 609 1334 latoribus
643 1302 831 1333 creasse
865 1285 1069 1334 videtur.

301 1389 545 1435 Hactenus
581 1383 642 1430 de
676 1383 918 1447 maribus3
959 1383 1250 1432 seminarum
1284 1393 1453 1432 notum
1488 1396 1558 1434 est
1590 1387 1836 1435 Platonem
1871 1399 2098 1453 quantum

173 1488 280 1536 fieri
325 1496 491 1552 posset
535 1484 740 1533 eandem
777 1502 886 1533 cum
923 1485 1140 1533 maribus
1174 1485 1418 1533 fortunam
1452 1501 1555 1535 esse
1590 1485 1797 1535 voluisse
1820 1485 1908 1541 ²¹);
1964 1486 2101 1552 quod

171 1598 334 1634 tamen
369 1601 522 1649 quum
559 1585 667 1648 ipse
709 1601 807 1631 non
851 1601 1044 1649 semper
1082 1585 1189 1647 pari
1232 1600 1343 1631 cum
1385 1582 1481 1633 illis
1522 1582 1770 1648 diligentia
1818 1596 2102 1653 persecutus

171 1689 245 1745 sit,
279 1685 426 1733 nobIS
471 1699 601 1731 nunc
643 1684 797 1731 verbo
840 1686 1049 1747 attigisse
1093 1683 1327 1746 sufficiat3
1380 1684 1759 1747 comparationis
1792 1686 1960 1747 utique
1992 1700 2101 1732 cum

172 1787 376 1834 aliorum
414 1787 711 1831 Graecorum
747 1786 971 1832 institutis
1003 1786 1054 1831 in
1091 1794 1222 1831 tanta
1254 1784 1495 1832 rationum
1529 1781 1795 1829 differentia
1820 1782 1923 1830 sola
1943 1799 2101 1847 spon-

171 1883 290 1933 salia
337 1882 566 1930 idoneam
611 1884 858 1930 materiam
902 1883 1154 1948 praebent.
1239 1882 1383 1943 Quod
1428 1884 1557 1930 enim
1595 1881 1811 1929 maribus
1856 1882 2100 1943 tribuerat,

265 2091 327 2134 18)
354 2090 473 2135 Legg.
497 2087 566 2131 XI,
592 2100 624 2133 p.
646 2088 714 2124 93⁰
739 2090 783 2124 B.

259 2156 322 2196 19)
347 2152 441 2187 lbid.
465 2151 574 2192 VIII,
601 2163 636 2195 p.
660 2150 728 2186 841.
753 2153 808 2188 ΒΞ
845 2151 964 2186 ἄθυτα
987 2153 1163 2186 nantino),
1186 2155 1365 2199 σπέρματα
1395 2153 1450 2186 aaz
1481 2156 1571 2187 νόθα
1603 2154 1652 2197 μή
1682 2157 1827 2199 σπείρειν
1852 2176 1860 2185 .
1884 2177 1893 2186 .
1915 2155 1996 2192 εἴτις·
2020 2165 2100 2196 συγ·

172 2220 316 2261 γίγνοιτό
329 2228 404 2253 ,τινι
428 2213 516 2258 πλήν
539 2220 616 2253 ταῖς
637 2214 722 2253 μετά
747 2213 835 2247 θεῶν
858 2214 913 2247 καὶ
937 2212 1032 2260 ἱερῶν
1054 2213 1171 2257 γάμων
1194 2214 1378 2253 ἐλθούσαις.
1403 2217 1449 2253 εἰς
1478 2215 1542 2258 τήν
1566 2216 1692 2254 οἰκίαν,
1725 2215 1867 2258 ὠνηταῖς
1889 2213 1913 2260 ἢ
1935 2217 1988 2248 καὶ
2013 2216 2099 2261 ἄλλῳ

173 2279 294 2314 {nomm
316 2281 429 2324 τρόπῳ
454 2282 592 2319 κτηταῖς
615 2299 626 2309 .
647 2299 656 2307 .
679 2275 761 2319 τάχ’
794 2275 836 2309 ἄν
859 2276 979 2316 ἄτιμον
1000 2277 1104 2310 αὐτὸν
1128 2276 1195 2309 τῶν
1221 2279 1256 2310 ἐν
1281 2276 1327 2324 τῇ
1349 2277 1441 2310 πόλει
1466 2278 1613 2310 ἐπαίνων
1639 2276 1895 2316 νομοθετοῦντες
1918 2278 2030 2323 ὀρθῶς
2052 2277 2099 2311 dir

172 2343 324 2380 δόξαιμεν
347 2341 562 2378 νομοθετεῖν,
596 2337 640 2376 ὥς
669 2338 773 2376 ὄντως
796 2339 878 2371 ὄντα
903 2339 1047 2377 ξενικόν,
1081 2337 1148 2372 ubi
1172 2348 1217 2370 ne
1242 2337 1324 2383 quis
1347 2338 1442 2385 ἱερῶν
1462 2338 1611 2380 γα,ιιικῶν
1637 2338 1698 2371 vel
1722 2339 1893 2381 γαμηλίων
1914 2338 2098 2382 corrigen-

178 2405 263 2439 dum
290 2404 457 2442 censeat,
495 2401 540 2434 cf.
565 2400 650 2436 Lex.
676 2400 833 2436 Rhetor.
858 2411 950 2446 pone
976 2399 1088 2442 Phot.
1117 2400 1221 2437 Pon.
1240 2413 1275 2445 p.
1297 2400 1386 2437 ⁶20:
1418 2402 1450 2435 οἵ
1471 2400 1653 2445 γαμοῦντες
1676 2401 1805 2435 ποιοῦσι
1826 2399 1875 2444 τῷ
1899 2398 1953 2432 Διὶ
1978 2403 2029 2433 καὶ
2059 2403 2098 2448 τῇ

162 2466 254 2513 Ἥρᾳ
279 2464 380 2512 “epotis-
399 2464 534 2506 γάμους.

265 2528 327 2569 20)
352 2526 466 2570 chg.
492 2526 568 2564 xl,
596 2538 628 2568 p.
650 2525 718 2560 93⁰
745 2527 790 2560 D.

274 2589 334 2630 21)
362 2588 474 2634 chg.
502 2586 645 2636 Vflpl'·
670 2587 738 2623 792
763 2599 842 2633 ΜΗ,
